<?xml version="1.0" encoding="UTF-8"?><collection xmlns="http://www.loc.gov/MARC21/slim"><record><leader>00522nam--2200133-i-4500</leader><controlfield tag="001">000008609</controlfield><controlfield tag="002">20161230</controlfield><controlfield tag="005">20161230201027</controlfield><controlfield tag="008">060222s1000------------r-----000-0-eng-d</controlfield><datafield ind1=" " ind2=" " tag="080"><subfield code="a">621.38.049.7</subfield></datafield><datafield ind1=" " ind2=" " tag="245"><subfield code="a">Applications of microelectronics. symposium organised jointly by institution of electronic and radio engineers, southern section, univer sity of southampton, department of electronic, institution of electrical engineers, ...21-23 sept.1965</subfield></datafield><datafield ind1=" " ind2=" " tag="260"><subfield code="a">London, I.E.E., 1965 /Pag.Dif.</subfield></datafield><datafield ind1=" " ind2=" " tag="490"><subfield code="a">14</subfield></datafield><datafield ind1=" " ind2=" " tag="852"><subfield code="a">29205</subfield></datafield></record></collection>